<collection xmlns="http://www.loc.gov/MARC21/slim">
<record>
  <leader>00986nam0a2200241 i 450 </leader>
  <controlfield tag="001">IT\ICCU\CNCE\041808</controlfield>
  <controlfield tag="005">20030122000000.0</controlfield>
  <datafield tag="012" ind1=" " ind2=" ">
    <subfield code="a">o,re a.a, a,na a.a, (C) 1574 (A)</subfield>
    <subfield code="2">fei</subfield>
  </datafield>
  <datafield tag="100" ind1=" " ind2=" ">
    <subfield code="a">19981201d1574        0itac0103    ba</subfield>
  </datafield>
  <datafield tag="101" ind1=" " ind2=" ">
    <subfield code="a">ITA</subfield>
  </datafield>
  <datafield tag="102" ind1=" " ind2=" ">
    <subfield code="a">IT</subfield>
  </datafield>
  <datafield tag="200" ind1="1" ind2=" ">
    <subfield code="a">℗Il ℗miracolo di s. Maria della Croce, fuori delle mura di Crema, scritto da m. Alemanio Fino</subfield>
  </datafield>
  <datafield tag="210" ind1=" " ind2=" ">
    <subfield code="a">In Piacenza</subfield>
    <subfield code="c">appresso Francesco Conti</subfield>
    <subfield code="d">1574</subfield>
  </datafield>
  <datafield tag="215" ind1=" " ind2=" ">
    <subfield code="a">\8! c.</subfield>
    <subfield code="d">4ʻ</subfield>
  </datafield>
  <datafield tag="620" ind1=" " ind2=" ">
    <subfield code="a">IT</subfield>
    <subfield code="d">Piacenza</subfield>
  </datafield>
  <datafield tag="700" ind1=" " ind2="1">
    <subfield code="a">Fino,</subfield>
    <subfield code="b">Alemanio</subfield>
    <subfield code="3">IT\ICCU\CNCA\001025</subfield>
  </datafield>
  <datafield tag="712" ind1="0" ind2="0">
    <subfield code="a">Conti, Francesco</subfield>
    <subfield code="3">IT\ICCU\CNCT\000117</subfield>
    <subfield code="4">650</subfield>
  </datafield>
  <datafield tag="790" ind1=" " ind2="1">
    <subfield code="a">Fini,</subfield>
    <subfield code="b">Alemanio</subfield>
    <subfield code="3">IT\ICCU\CNCA\014112</subfield>
    <subfield code="z">Fino, Alemanio</subfield>
  </datafield>
  <datafield tag="790" ind1=" " ind2="1">
    <subfield code="a">Finus,</subfield>
    <subfield code="b">Alemanius</subfield>
    <subfield code="3">IT\ICCU\CNCA\022573</subfield>
    <subfield code="z">Fino, Alemanio</subfield>
  </datafield>
  <datafield tag="791" ind1="0" ind2="0">
    <subfield code="a">Comes, Franciscus</subfield>
    <subfield code="3">IT\ICCU\CNCT\003107</subfield>
    <subfield code="z">Conti, Francesco</subfield>
  </datafield>
  <datafield tag="801" ind1=" " ind2="3">
    <subfield code="a">IT</subfield>
    <subfield code="b">ICCU</subfield>
    <subfield code="c">20201114</subfield>
  </datafield>
  <datafield tag="899" ind1=" " ind2=" ">
    <subfield code="a">Archivio storico civico e Biblioteca Trivulziana. Milano</subfield>
    <subfield code="1">MI0327</subfield>
    <subfield code="2">LO1 13</subfield>
  </datafield>
  <datafield tag="899" ind1=" " ind2=" ">
    <subfield code="a">Biblioteca universitaria Alessandrina. Roma</subfield>
    <subfield code="1">RM0280</subfield>
    <subfield code="2">RML 01</subfield>
  </datafield>
</record>
</collection>
